@article{FKKS_2017,
	title = {Learning {Powers} of {Poisson} {Binomial} {Distributions}},
	url = {http://arxiv.org/abs/1707.05662},
	journal = {arXiv:1707.05662 [cs, math, stat]},
	author = {Fotakis, Dimitris and Kontonis, Vasilis and Krysta, Piotr and Spirakis, Paul},
	month = jul,
	year = {2017},
	note = {arXiv: 1707.05662},
	keywords = {Computer Science - Data Structures and Algorithms, Computer Science - Learning, Mathematics - Statistics Theory},
}
